%YAML 1.1
%TAG !u! tag:unity3d.com,2011:
--- !u!1 &908983608129374745
GameObject:
  m_ObjectHideFlags: 0
  m_CorrespondingSourceObject: {fileID: 0}
  m_PrefabInstance: {fileID: 0}
  m_PrefabAsset: {fileID: 0}
  serializedVersion: 6
  m_Component:
  - component: {fileID: 908983608129374746}
  m_Layer: 0
  m_Name: BL
  m_TagString: Untagged
  m_Icon: {fileID: 0}
  m_NavMeshLayer: 0
  m_StaticEditorFlags: 0
  m_IsActive: 1
--- !u!4 &908983608129374746
Transform:
  m_ObjectHideFlags: 0
  m_CorrespondingSourceObject: {fileID: 0}
  m_PrefabInstance: {fileID: 0}
  m_PrefabAsset: {fileID: 0}
  m_GameObject: {fileID: 908983608129374745}
  m_LocalRotation: {x: -0, y: -0, z: -0, w: 1}
  m_LocalPosition: {x: -2, y: -2, z: 26.103285}
  m_LocalScale: {x: 1, y: 1, z: 1}
  m_Children:
  - {fileID: 2051626587889329284}
  - {fileID: 2051626586316002044}
  m_Father: {fileID: 908983609518529707}
  m_RootOrder: 2
  m_LocalEulerAnglesHint: {x: 0, y: 0, z: 0}
--- !u!1 &908983608946788638
GameObject:
  m_ObjectHideFlags: 0
  m_CorrespondingSourceObject: {fileID: 0}
  m_PrefabInstance: {fileID: 0}
  m_PrefabAsset: {fileID: 0}
  serializedVersion: 6
  m_Component:
  - component: {fileID: 908983608946788639}
  m_Layer: 0
  m_Name: BR
  m_TagString: Untagged
  m_Icon: {fileID: 0}
  m_NavMeshLayer: 0
  m_StaticEditorFlags: 0
  m_IsActive: 1
--- !u!4 &908983608946788639
Transform:
  m_ObjectHideFlags: 0
  m_CorrespondingSourceObject: {fileID: 0}
  m_PrefabInstance: {fileID: 0}
  m_PrefabAsset: {fileID: 0}
  m_GameObject: {fileID: 908983608946788638}
  m_LocalRotation: {x: -0, y: -0, z: -0, w: 1}
  m_LocalPosition: {x: 2, y: -2, z: 26.103285}
  m_LocalScale: {x: 1, y: 1, z: 1}
  m_Children:
  - {fileID: 2051626585775942229}
  - {fileID: 2051626586424638500}
  m_Father: {fileID: 908983609518529707}
  m_RootOrder: 3
  m_LocalEulerAnglesHint: {x: 0, y: 0, z: 0}
--- !u!1 &908983609050324637
GameObject:
  m_ObjectHideFlags: 0
  m_CorrespondingSourceObject: {fileID: 0}
  m_PrefabInstance: {fileID: 0}
  m_PrefabAsset: {fileID: 0}
  serializedVersion: 6
  m_Component:
  - component: {fileID: 908983609050324638}
  m_Layer: 0
  m_Name: TL
  m_TagString: Untagged
  m_Icon: {fileID: 0}
  m_NavMeshLayer: 0
  m_StaticEditorFlags: 0
  m_IsActive: 1
--- !u!4 &908983609050324638
Transform:
  m_ObjectHideFlags: 0
  m_CorrespondingSourceObject: {fileID: 0}
  m_PrefabInstance: {fileID: 0}
  m_PrefabAsset: {fileID: 0}
  m_GameObject: {fileID: 908983609050324637}
  m_LocalRotation: {x: -0, y: -0, z: -0, w: 1}
  m_LocalPosition: {x: -2, y: 2, z: 26.103285}
  m_LocalScale: {x: 1, y: 1, z: 1}
  m_Children:
  - {fileID: 2051626586635130315}
  - {fileID: 2051626585894587624}
  m_Father: {fileID: 908983609518529707}
  m_RootOrder: 1
  m_LocalEulerAnglesHint: {x: 0, y: 0, z: 0}
--- !u!1 &908983609368876381
GameObject:
  m_ObjectHideFlags: 0
  m_CorrespondingSourceObject: {fileID: 0}
  m_PrefabInstance: {fileID: 0}
  m_PrefabAsset: {fileID: 0}
  serializedVersion: 6
  m_Component:
  - component: {fileID: 908983609368876382}
  m_Layer: 0
  m_Name: TR
  m_TagString: Untagged
  m_Icon: {fileID: 0}
  m_NavMeshLayer: 0
  m_StaticEditorFlags: 0
  m_IsActive: 1
--- !u!4 &908983609368876382
Transform:
  m_ObjectHideFlags: 0
  m_CorrespondingSourceObject: {fileID: 0}
  m_PrefabInstance: {fileID: 0}
  m_PrefabAsset: {fileID: 0}
  m_GameObject: {fileID: 908983609368876381}
  m_LocalRotation: {x: -0, y: -0, z: -0, w: 1}
  m_LocalPosition: {x: 2, y: 2, z: 26.103285}
  m_LocalScale: {x: 1, y: 1, z: 1}
  m_Children:
  - {fileID: 2051626586959647448}
  - {fileID: 2051626587078798110}
  m_Father: {fileID: 908983609518529707}
  m_RootOrder: 0
  m_LocalEulerAnglesHint: {x: 0, y: 0, z: 0}
--- !u!1 &908983609518529706
GameObject:
  m_ObjectHideFlags: 0
  m_CorrespondingSourceObject: {fileID: 0}
  m_PrefabInstance: {fileID: 0}
  m_PrefabAsset: {fileID: 0}
  serializedVersion: 6
  m_Component:
  - component: {fileID: 908983609518529707}
  - component: {fileID: 5143791546566166402}
  - component: {fileID: 1783965756928774215}
  m_Layer: 0
  m_Name: ElecTricFenceCube
  m_TagString: Untagged
  m_Icon: {fileID: 0}
  m_NavMeshLayer: 0
  m_StaticEditorFlags: 0
  m_IsActive: 1
--- !u!4 &908983609518529707
Transform:
  m_ObjectHideFlags: 0
  m_CorrespondingSourceObject: {fileID: 0}
  m_PrefabInstance: {fileID: 0}
  m_PrefabAsset: {fileID: 0}
  m_GameObject: {fileID: 908983609518529706}
  m_LocalRotation: {x: 0, y: 0, z: 0, w: 1}
  m_LocalPosition: {x: 0, y: 0, z: 0}
  m_LocalScale: {x: 0.5625, y: 4.4125, z: 1}
  m_Children:
  - {fileID: 908983609368876382}
  - {fileID: 908983609050324638}
  - {fileID: 908983608129374746}
  - {fileID: 908983608946788639}
  m_Father: {fileID: 0}
  m_RootOrder: 0
  m_LocalEulerAnglesHint: {x: 0, y: 0, z: 0}
--- !u!61 &5143791546566166402
BoxCollider2D:
  m_ObjectHideFlags: 0
  m_CorrespondingSourceObject: {fileID: 0}
  m_PrefabInstance: {fileID: 0}
  m_PrefabAsset: {fileID: 0}
  m_GameObject: {fileID: 908983609518529706}
  m_Enabled: 1
  m_Density: 1
  m_Material: {fileID: 0}
  m_IsTrigger: 1
  m_UsedByEffector: 0
  m_UsedByComposite: 0
  m_Offset: {x: 0, y: 0}
  m_SpriteTilingProperty:
    border: {x: 0, y: 0, z: 0, w: 0}
    pivot: {x: 0, y: 0}
    oldSize: {x: 0, y: 0}
    newSize: {x: 0, y: 0}
    adaptiveTilingThreshold: 0
    drawMode: 0
    adaptiveTiling: 0
  m_AutoTiling: 0
  serializedVersion: 2
  m_Size: {x: 4, y: 4}
  m_EdgeRadius: 0
--- !u!114 &1783965756928774215
MonoBehaviour:
  m_ObjectHideFlags: 0
  m_CorrespondingSourceObject: {fileID: 0}
  m_PrefabInstance: {fileID: 0}
  m_PrefabAsset: {fileID: 0}
  m_GameObject: {fileID: 908983609518529706}
  m_Enabled: 1
  m_EditorHideFlags: 0
  m_Script: {fileID: 11500000, guid: a4cbe9db0a353694d8a0e7589c51ecb3, type: 3}
  m_Name: 
  m_EditorClassIdentifier: 
  IsTrigger: 1
  IsColllder: 0
  IsLethal: 1
  CloseBeat: 0
--- !u!1001 &908983608085051597
PrefabInstance:
  m_ObjectHideFlags: 0
  serializedVersion: 2
  m_Modification:
    m_TransformParent: {fileID: 908983608946788639}
    m_Modifications:
    - target: {fileID: 1217533498715899112, guid: f79702f2907668d4597428c01ed6c803,
        type: 3}
      propertyPath: m_Name
      value: Electric Fence (1)
      objectReference: {fileID: 0}
    - target: {fileID: 1217533498715899113, guid: f79702f2907668d4597428c01ed6c803,
        type: 3}
      propertyPath: m_LocalPosition.x
      value: 0
      objectReference: {fileID: 0}
    - target: {fileID: 1217533498715899113, guid: f79702f2907668d4597428c01ed6c803,
        type: 3}
      propertyPath: m_LocalPosition.y
      value: 0
      objectReference: {fileID: 0}
    - target: {fileID: 1217533498715899113, guid: f79702f2907668d4597428c01ed6c803,
        type: 3}
      propertyPath: m_LocalPosition.z
      value: 0
      objectReference: {fileID: 0}
    - target: {fileID: 1217533498715899113, guid: f79702f2907668d4597428c01ed6c803,
        type: 3}
      propertyPath: m_LocalRotation.x
      value: 0.7071068
      objectReference: {fileID: 0}
    - target: {fileID: 1217533498715899113, guid: f79702f2907668d4597428c01ed6c803,
        type: 3}
      propertyPath: m_LocalRotation.y
      value: -0
      objectReference: {fileID: 0}
    - target: {fileID: 1217533498715899113, guid: f79702f2907668d4597428c01ed6c803,
        type: 3}
      propertyPath: m_LocalRotation.z
      value: -0.7071068
      objectReference: {fileID: 0}
    - target: {fileID: 1217533498715899113, guid: f79702f2907668d4597428c01ed6c803,
        type: 3}
      propertyPath: m_LocalRotation.w
      value: 0
      objectReference: {fileID: 0}
    - target: {fileID: 1217533498715899113, guid: f79702f2907668d4597428c01ed6c803,
        type: 3}
      propertyPath: m_RootOrder
      value: 1
      objectReference: {fileID: 0}
    - target: {fileID: 1217533498715899113, guid: f79702f2907668d4597428c01ed6c803,
        type: 3}
      propertyPath: m_LocalEulerAnglesHint.x
      value: 180
      objectReference: {fileID: 0}
    - target: {fileID: 1217533498715899113, guid: f79702f2907668d4597428c01ed6c803,
        type: 3}
      propertyPath: m_LocalEulerAnglesHint.y
      value: 90
      objectReference: {fileID: 0}
    - target: {fileID: 1217533498715899113, guid: f79702f2907668d4597428c01ed6c803,
        type: 3}
      propertyPath: m_LocalEulerAnglesHint.z
      value: 0
      objectReference: {fileID: 0}
    - target: {fileID: 1217533498715899113, guid: f79702f2907668d4597428c01ed6c803,
        type: 3}
      propertyPath: m_LocalScale.y
      value: 0.88413507
      objectReference: {fileID: 0}
    - target: {fileID: 1217533498715899119, guid: f79702f2907668d4597428c01ed6c803,
        type: 3}
      propertyPath: playOnAwake
      value: 1
      objectReference: {fileID: 0}
    - target: {fileID: 1217533498715899119, guid: f79702f2907668d4597428c01ed6c803,
        type: 3}
      propertyPath: InitialModule.maxNumParticles
      value: 10
      objectReference: {fileID: 0}
    m_RemovedComponents: []
  m_SourcePrefab: {fileID: 100100000, guid: f79702f2907668d4597428c01ed6c803, type: 3}
--- !u!4 &2051626586424638500 stripped
Transform:
  m_CorrespondingSourceObject: {fileID: 1217533498715899113, guid: f79702f2907668d4597428c01ed6c803,
    type: 3}
  m_PrefabInstance: {fileID: 908983608085051597}
  m_PrefabAsset: {fileID: 0}
--- !u!1001 &908983608109520405
PrefabInstance:
  m_ObjectHideFlags: 0
  serializedVersion: 2
  m_Modification:
    m_TransformParent: {fileID: 908983608129374746}
    m_Modifications:
    - target: {fileID: 1217533498715899112, guid: f79702f2907668d4597428c01ed6c803,
        type: 3}
      propertyPath: m_Name
      value: Electric Fence
      objectReference: {fileID: 0}
    - target: {fileID: 1217533498715899113, guid: f79702f2907668d4597428c01ed6c803,
        type: 3}
      propertyPath: m_LocalPosition.x
      value: 0
      objectReference: {fileID: 0}
    - target: {fileID: 1217533498715899113, guid: f79702f2907668d4597428c01ed6c803,
        type: 3}
      propertyPath: m_LocalPosition.y
      value: 0
      objectReference: {fileID: 0}
    - target: {fileID: 1217533498715899113, guid: f79702f2907668d4597428c01ed6c803,
        type: 3}
      propertyPath: m_LocalPosition.z
      value: 0
      objectReference: {fileID: 0}
    - target: {fileID: 1217533498715899113, guid: f79702f2907668d4597428c01ed6c803,
        type: 3}
      propertyPath: m_LocalRotation.x
      value: 0.7071068
      objectReference: {fileID: 0}
    - target: {fileID: 1217533498715899113, guid: f79702f2907668d4597428c01ed6c803,
        type: 3}
      propertyPath: m_LocalRotation.y
      value: -0
      objectReference: {fileID: 0}
    - target: {fileID: 1217533498715899113, guid: f79702f2907668d4597428c01ed6c803,
        type: 3}
      propertyPath: m_LocalRotation.z
      value: -0
      objectReference: {fileID: 0}
    - target: {fileID: 1217533498715899113, guid: f79702f2907668d4597428c01ed6c803,
        type: 3}
      propertyPath: m_LocalRotation.w
      value: -0.7071068
      objectReference: {fileID: 0}
    - target: {fileID: 1217533498715899113, guid: f79702f2907668d4597428c01ed6c803,
        type: 3}
      propertyPath: m_RootOrder
      value: 1
      objectReference: {fileID: 0}
    - target: {fileID: 1217533498715899113, guid: f79702f2907668d4597428c01ed6c803,
        type: 3}
      propertyPath: m_LocalEulerAnglesHint.x
      value: 270
      objectReference: {fileID: 0}
    - target: {fileID: 1217533498715899113, guid: f79702f2907668d4597428c01ed6c803,
        type: 3}
      propertyPath: m_LocalEulerAnglesHint.y
      value: 0
      objectReference: {fileID: 0}
    - target: {fileID: 1217533498715899113, guid: f79702f2907668d4597428c01ed6c803,
        type: 3}
      propertyPath: m_LocalEulerAnglesHint.z
      value: 0
      objectReference: {fileID: 0}
    - target: {fileID: 1217533498715899119, guid: f79702f2907668d4597428c01ed6c803,
        type: 3}
      propertyPath: playOnAwake
      value: 1
      objectReference: {fileID: 0}
    - target: {fileID: 1217533498715899119, guid: f79702f2907668d4597428c01ed6c803,
        type: 3}
      propertyPath: InitialModule.maxNumParticles
      value: 10
      objectReference: {fileID: 0}
    m_RemovedComponents: []
  m_SourcePrefab: {fileID: 100100000, guid: f79702f2907668d4597428c01ed6c803, type: 3}
--- !u!4 &2051626586316002044 stripped
Transform:
  m_CorrespondingSourceObject: {fileID: 1217533498715899113, guid: f79702f2907668d4597428c01ed6c803,
    type: 3}
  m_PrefabInstance: {fileID: 908983608109520405}
  m_PrefabAsset: {fileID: 0}
--- !u!1001 &908983608331194658
PrefabInstance:
  m_ObjectHideFlags: 0
  serializedVersion: 2
  m_Modification:
    m_TransformParent: {fileID: 908983609050324638}
    m_Modifications:
    - target: {fileID: 1217533498715899112, guid: f79702f2907668d4597428c01ed6c803,
        type: 3}
      propertyPath: m_Name
      value: Electric Fence
      objectReference: {fileID: 0}
    - target: {fileID: 1217533498715899113, guid: f79702f2907668d4597428c01ed6c803,
        type: 3}
      propertyPath: m_LocalPosition.x
      value: 0
      objectReference: {fileID: 0}
    - target: {fileID: 1217533498715899113, guid: f79702f2907668d4597428c01ed6c803,
        type: 3}
      propertyPath: m_LocalPosition.y
      value: 0
      objectReference: {fileID: 0}
    - target: {fileID: 1217533498715899113, guid: f79702f2907668d4597428c01ed6c803,
        type: 3}
      propertyPath: m_LocalPosition.z
      value: 0
      objectReference: {fileID: 0}
    - target: {fileID: 1217533498715899113, guid: f79702f2907668d4597428c01ed6c803,
        type: 3}
      propertyPath: m_LocalRotation.x
      value: 0.7071068
      objectReference: {fileID: 0}
    - target: {fileID: 1217533498715899113, guid: f79702f2907668d4597428c01ed6c803,
        type: 3}
      propertyPath: m_LocalRotation.y
      value: 0
      objectReference: {fileID: 0}
    - target: {fileID: 1217533498715899113, guid: f79702f2907668d4597428c01ed6c803,
        type: 3}
      propertyPath: m_LocalRotation.z
      value: 0
      objectReference: {fileID: 0}
    - target: {fileID: 1217533498715899113, guid: f79702f2907668d4597428c01ed6c803,
        type: 3}
      propertyPath: m_LocalRotation.w
      value: 0.7071068
      objectReference: {fileID: 0}
    - target: {fileID: 1217533498715899113, guid: f79702f2907668d4597428c01ed6c803,
        type: 3}
      propertyPath: m_RootOrder
      value: 0
      objectReference: {fileID: 0}
    - target: {fileID: 1217533498715899113, guid: f79702f2907668d4597428c01ed6c803,
        type: 3}
      propertyPath: m_LocalEulerAnglesHint.x
      value: 90
      objectReference: {fileID: 0}
    - target: {fileID: 1217533498715899113, guid: f79702f2907668d4597428c01ed6c803,
        type: 3}
      propertyPath: m_LocalEulerAnglesHint.y
      value: 0
      objectReference: {fileID: 0}
    - target: {fileID: 1217533498715899113, guid: f79702f2907668d4597428c01ed6c803,
        type: 3}
      propertyPath: m_LocalEulerAnglesHint.z
      value: 0
      objectReference: {fileID: 0}
    - target: {fileID: 1217533498715899119, guid: f79702f2907668d4597428c01ed6c803,
        type: 3}
      propertyPath: playOnAwake
      value: 1
      objectReference: {fileID: 0}
    - target: {fileID: 1217533498715899119, guid: f79702f2907668d4597428c01ed6c803,
        type: 3}
      propertyPath: InitialModule.maxNumParticles
      value: 10
      objectReference: {fileID: 0}
    m_RemovedComponents: []
  m_SourcePrefab: {fileID: 100100000, guid: f79702f2907668d4597428c01ed6c803, type: 3}
--- !u!4 &2051626586635130315 stripped
Transform:
  m_CorrespondingSourceObject: {fileID: 1217533498715899113, guid: f79702f2907668d4597428c01ed6c803,
    type: 3}
  m_PrefabInstance: {fileID: 908983608331194658}
  m_PrefabAsset: {fileID: 0}
--- !u!1001 &908983608627628033
PrefabInstance:
  m_ObjectHideFlags: 0
  serializedVersion: 2
  m_Modification:
    m_TransformParent: {fileID: 908983609050324638}
    m_Modifications:
    - target: {fileID: 1217533498715899112, guid: f79702f2907668d4597428c01ed6c803,
        type: 3}
      propertyPath: m_Name
      value: Electric Fence (1)
      objectReference: {fileID: 0}
    - target: {fileID: 1217533498715899113, guid: f79702f2907668d4597428c01ed6c803,
        type: 3}
      propertyPath: m_LocalPosition.x
      value: 0
      objectReference: {fileID: 0}
    - target: {fileID: 1217533498715899113, guid: f79702f2907668d4597428c01ed6c803,
        type: 3}
      propertyPath: m_LocalPosition.y
      value: 0
      objectReference: {fileID: 0}
    - target: {fileID: 1217533498715899113, guid: f79702f2907668d4597428c01ed6c803,
        type: 3}
      propertyPath: m_LocalPosition.z
      value: 0
      objectReference: {fileID: 0}
    - target: {fileID: 1217533498715899113, guid: f79702f2907668d4597428c01ed6c803,
        type: 3}
      propertyPath: m_LocalRotation.x
      value: 0
      objectReference: {fileID: 0}
    - target: {fileID: 1217533498715899113, guid: f79702f2907668d4597428c01ed6c803,
        type: 3}
      propertyPath: m_LocalRotation.y
      value: 0.7071068
      objectReference: {fileID: 0}
    - target: {fileID: 1217533498715899113, guid: f79702f2907668d4597428c01ed6c803,
        type: 3}
      propertyPath: m_LocalRotation.z
      value: 0
      objectReference: {fileID: 0}
    - target: {fileID: 1217533498715899113, guid: f79702f2907668d4597428c01ed6c803,
        type: 3}
      propertyPath: m_LocalRotation.w
      value: 0.7071068
      objectReference: {fileID: 0}
    - target: {fileID: 1217533498715899113, guid: f79702f2907668d4597428c01ed6c803,
        type: 3}
      propertyPath: m_RootOrder
      value: 1
      objectReference: {fileID: 0}
    - target: {fileID: 1217533498715899113, guid: f79702f2907668d4597428c01ed6c803,
        type: 3}
      propertyPath: m_LocalEulerAnglesHint.x
      value: 0
      objectReference: {fileID: 0}
    - target: {fileID: 1217533498715899113, guid: f79702f2907668d4597428c01ed6c803,
        type: 3}
      propertyPath: m_LocalEulerAnglesHint.y
      value: 90
      objectReference: {fileID: 0}
    - target: {fileID: 1217533498715899113, guid: f79702f2907668d4597428c01ed6c803,
        type: 3}
      propertyPath: m_LocalEulerAnglesHint.z
      value: 0
      objectReference: {fileID: 0}
    - target: {fileID: 1217533498715899119, guid: f79702f2907668d4597428c01ed6c803,
        type: 3}
      propertyPath: playOnAwake
      value: 1
      objectReference: {fileID: 0}
    - target: {fileID: 1217533498715899119, guid: f79702f2907668d4597428c01ed6c803,
        type: 3}
      propertyPath: InitialModule.maxNumParticles
      value: 10
      objectReference: {fileID: 0}
    m_RemovedComponents: []
  m_SourcePrefab: {fileID: 100100000, guid: f79702f2907668d4597428c01ed6c803, type: 3}
--- !u!4 &2051626585894587624 stripped
Transform:
  m_CorrespondingSourceObject: {fileID: 1217533498715899113, guid: f79702f2907668d4597428c01ed6c803,
    type: 3}
  m_PrefabInstance: {fileID: 908983608627628033}
  m_PrefabAsset: {fileID: 0}
--- !u!1001 &908983608678919868
PrefabInstance:
  m_ObjectHideFlags: 0
  serializedVersion: 2
  m_Modification:
    m_TransformParent: {fileID: 908983608946788639}
    m_Modifications:
    - target: {fileID: 1217533498715899112, guid: f79702f2907668d4597428c01ed6c803,
        type: 3}
      propertyPath: m_Name
      value: Electric Fence
      objectReference: {fileID: 0}
    - target: {fileID: 1217533498715899113, guid: f79702f2907668d4597428c01ed6c803,
        type: 3}
      propertyPath: m_LocalPosition.x
      value: 0
      objectReference: {fileID: 0}
    - target: {fileID: 1217533498715899113, guid: f79702f2907668d4597428c01ed6c803,
        type: 3}
      propertyPath: m_LocalPosition.y
      value: 0
      objectReference: {fileID: 0}
    - target: {fileID: 1217533498715899113, guid: f79702f2907668d4597428c01ed6c803,
        type: 3}
      propertyPath: m_LocalPosition.z
      value: 0
      objectReference: {fileID: 0}
    - target: {fileID: 1217533498715899113, guid: f79702f2907668d4597428c01ed6c803,
        type: 3}
      propertyPath: m_LocalRotation.x
      value: 0.7071068
      objectReference: {fileID: 0}
    - target: {fileID: 1217533498715899113, guid: f79702f2907668d4597428c01ed6c803,
        type: 3}
      propertyPath: m_LocalRotation.y
      value: -0
      objectReference: {fileID: 0}
    - target: {fileID: 1217533498715899113, guid: f79702f2907668d4597428c01ed6c803,
        type: 3}
      propertyPath: m_LocalRotation.z
      value: -0
      objectReference: {fileID: 0}
    - target: {fileID: 1217533498715899113, guid: f79702f2907668d4597428c01ed6c803,
        type: 3}
      propertyPath: m_LocalRotation.w
      value: -0.7071068
      objectReference: {fileID: 0}
    - target: {fileID: 1217533498715899113, guid: f79702f2907668d4597428c01ed6c803,
        type: 3}
      propertyPath: m_RootOrder
      value: 0
      objectReference: {fileID: 0}
    - target: {fileID: 1217533498715899113, guid: f79702f2907668d4597428c01ed6c803,
        type: 3}
      propertyPath: m_LocalEulerAnglesHint.x
      value: 270
      objectReference: {fileID: 0}
    - target: {fileID: 1217533498715899113, guid: f79702f2907668d4597428c01ed6c803,
        type: 3}
      propertyPath: m_LocalEulerAnglesHint.y
      value: 0
      objectReference: {fileID: 0}
    - target: {fileID: 1217533498715899113, guid: f79702f2907668d4597428c01ed6c803,
        type: 3}
      propertyPath: m_LocalEulerAnglesHint.z
      value: 0
      objectReference: {fileID: 0}
    - target: {fileID: 1217533498715899119, guid: f79702f2907668d4597428c01ed6c803,
        type: 3}
      propertyPath: playOnAwake
      value: 1
      objectReference: {fileID: 0}
    - target: {fileID: 1217533498715899119, guid: f79702f2907668d4597428c01ed6c803,
        type: 3}
      propertyPath: InitialModule.maxNumParticles
      value: 10
      objectReference: {fileID: 0}
    m_RemovedComponents: []
  m_SourcePrefab: {fileID: 100100000, guid: f79702f2907668d4597428c01ed6c803, type: 3}
--- !u!4 &2051626585775942229 stripped
Transform:
  m_CorrespondingSourceObject: {fileID: 1217533498715899113, guid: f79702f2907668d4597428c01ed6c803,
    type: 3}
  m_PrefabInstance: {fileID: 908983608678919868}
  m_PrefabAsset: {fileID: 0}
--- !u!1001 &908983609316761709
PrefabInstance:
  m_ObjectHideFlags: 0
  serializedVersion: 2
  m_Modification:
    m_TransformParent: {fileID: 908983608129374746}
    m_Modifications:
    - target: {fileID: 1217533498715899112, guid: f79702f2907668d4597428c01ed6c803,
        type: 3}
      propertyPath: m_Name
      value: Electric Fence (1)
      objectReference: {fileID: 0}
    - target: {fileID: 1217533498715899113, guid: f79702f2907668d4597428c01ed6c803,
        type: 3}
      propertyPath: m_LocalPosition.x
      value: 0
      objectReference: {fileID: 0}
    - target: {fileID: 1217533498715899113, guid: f79702f2907668d4597428c01ed6c803,
        type: 3}
      propertyPath: m_LocalPosition.y
      value: 0
      objectReference: {fileID: 0}
    - target: {fileID: 1217533498715899113, guid: f79702f2907668d4597428c01ed6c803,
        type: 3}
      propertyPath: m_LocalPosition.z
      value: 0
      objectReference: {fileID: 0}
    - target: {fileID: 1217533498715899113, guid: f79702f2907668d4597428c01ed6c803,
        type: 3}
      propertyPath: m_LocalRotation.x
      value: 0
      objectReference: {fileID: 0}
    - target: {fileID: 1217533498715899113, guid: f79702f2907668d4597428c01ed6c803,
        type: 3}
      propertyPath: m_LocalRotation.y
      value: 0.7071068
      objectReference: {fileID: 0}
    - target: {fileID: 1217533498715899113, guid: f79702f2907668d4597428c01ed6c803,
        type: 3}
      propertyPath: m_LocalRotation.z
      value: 0
      objectReference: {fileID: 0}
    - target: {fileID: 1217533498715899113, guid: f79702f2907668d4597428c01ed6c803,
        type: 3}
      propertyPath: m_LocalRotation.w
      value: 0.7071068
      objectReference: {fileID: 0}
    - target: {fileID: 1217533498715899113, guid: f79702f2907668d4597428c01ed6c803,
        type: 3}
      propertyPath: m_RootOrder
      value: 0
      objectReference: {fileID: 0}
    - target: {fileID: 1217533498715899113, guid: f79702f2907668d4597428c01ed6c803,
        type: 3}
      propertyPath: m_LocalEulerAnglesHint.x
      value: 0
      objectReference: {fileID: 0}
    - target: {fileID: 1217533498715899113, guid: f79702f2907668d4597428c01ed6c803,
        type: 3}
      propertyPath: m_LocalEulerAnglesHint.y
      value: 90
      objectReference: {fileID: 0}
    - target: {fileID: 1217533498715899113, guid: f79702f2907668d4597428c01ed6c803,
        type: 3}
      propertyPath: m_LocalEulerAnglesHint.z
      value: 0
      objectReference: {fileID: 0}
    - target: {fileID: 1217533498715899119, guid: f79702f2907668d4597428c01ed6c803,
        type: 3}
      propertyPath: playOnAwake
      value: 1
      objectReference: {fileID: 0}
    - target: {fileID: 1217533498715899119, guid: f79702f2907668d4597428c01ed6c803,
        type: 3}
      propertyPath: InitialModule.maxNumParticles
      value: 10
      objectReference: {fileID: 0}
    m_RemovedComponents: []
  m_SourcePrefab: {fileID: 100100000, guid: f79702f2907668d4597428c01ed6c803, type: 3}
--- !u!4 &2051626587889329284 stripped
Transform:
  m_CorrespondingSourceObject: {fileID: 1217533498715899113, guid: f79702f2907668d4597428c01ed6c803,
    type: 3}
  m_PrefabInstance: {fileID: 908983609316761709}
  m_PrefabAsset: {fileID: 0}
--- !u!1001 &908983609578074103
PrefabInstance:
  m_ObjectHideFlags: 0
  serializedVersion: 2
  m_Modification:
    m_TransformParent: {fileID: 908983609368876382}
    m_Modifications:
    - target: {fileID: 1217533498715899112, guid: f79702f2907668d4597428c01ed6c803,
        type: 3}
      propertyPath: m_Name
      value: Electric Fence (1)
      objectReference: {fileID: 0}
    - target: {fileID: 1217533498715899113, guid: f79702f2907668d4597428c01ed6c803,
        type: 3}
      propertyPath: m_LocalPosition.x
      value: 0
      objectReference: {fileID: 0}
    - target: {fileID: 1217533498715899113, guid: f79702f2907668d4597428c01ed6c803,
        type: 3}
      propertyPath: m_LocalPosition.y
      value: 0
      objectReference: {fileID: 0}
    - target: {fileID: 1217533498715899113, guid: f79702f2907668d4597428c01ed6c803,
        type: 3}
      propertyPath: m_LocalPosition.z
      value: 0
      objectReference: {fileID: 0}
    - target: {fileID: 1217533498715899113, guid: f79702f2907668d4597428c01ed6c803,
        type: 3}
      propertyPath: m_LocalRotation.x
      value: 0.7071068
      objectReference: {fileID: 0}
    - target: {fileID: 1217533498715899113, guid: f79702f2907668d4597428c01ed6c803,
        type: 3}
      propertyPath: m_LocalRotation.y
      value: 0
      objectReference: {fileID: 0}
    - target: {fileID: 1217533498715899113, guid: f79702f2907668d4597428c01ed6c803,
        type: 3}
      propertyPath: m_LocalRotation.z
      value: -0.7071068
      objectReference: {fileID: 0}
    - target: {fileID: 1217533498715899113, guid: f79702f2907668d4597428c01ed6c803,
        type: 3}
      propertyPath: m_LocalRotation.w
      value: 0
      objectReference: {fileID: 0}
    - target: {fileID: 1217533498715899113, guid: f79702f2907668d4597428c01ed6c803,
        type: 3}
      propertyPath: m_RootOrder
      value: 1
      objectReference: {fileID: 0}
    - target: {fileID: 1217533498715899113, guid: f79702f2907668d4597428c01ed6c803,
        type: 3}
      propertyPath: m_LocalEulerAnglesHint.x
      value: 180
      objectReference: {fileID: 0}
    - target: {fileID: 1217533498715899113, guid: f79702f2907668d4597428c01ed6c803,
        type: 3}
      propertyPath: m_LocalEulerAnglesHint.y
      value: 90
      objectReference: {fileID: 0}
    - target: {fileID: 1217533498715899113, guid: f79702f2907668d4597428c01ed6c803,
        type: 3}
      propertyPath: m_LocalEulerAnglesHint.z
      value: 0
      objectReference: {fileID: 0}
    - target: {fileID: 1217533498715899119, guid: f79702f2907668d4597428c01ed6c803,
        type: 3}
      propertyPath: playOnAwake
      value: 1
      objectReference: {fileID: 0}
    - target: {fileID: 1217533498715899119, guid: f79702f2907668d4597428c01ed6c803,
        type: 3}
      propertyPath: InitialModule.maxNumParticles
      value: 10
      objectReference: {fileID: 0}
    m_RemovedComponents: []
  m_SourcePrefab: {fileID: 100100000, guid: f79702f2907668d4597428c01ed6c803, type: 3}
--- !u!4 &2051626587078798110 stripped
Transform:
  m_CorrespondingSourceObject: {fileID: 1217533498715899113, guid: f79702f2907668d4597428c01ed6c803,
    type: 3}
  m_PrefabInstance: {fileID: 908983609578074103}
  m_PrefabAsset: {fileID: 0}
--- !u!1001 &908983609692755505
PrefabInstance:
  m_ObjectHideFlags: 0
  serializedVersion: 2
  m_Modification:
    m_TransformParent: {fileID: 908983609368876382}
    m_Modifications:
    - target: {fileID: 1217533498715899112, guid: f79702f2907668d4597428c01ed6c803,
        type: 3}
      propertyPath: m_Name
      value: Electric Fence
      objectReference: {fileID: 0}
    - target: {fileID: 1217533498715899113, guid: f79702f2907668d4597428c01ed6c803,
        type: 3}
      propertyPath: m_LocalPosition.x
      value: 0
      objectReference: {fileID: 0}
    - target: {fileID: 1217533498715899113, guid: f79702f2907668d4597428c01ed6c803,
        type: 3}
      propertyPath: m_LocalPosition.y
      value: 0
      objectReference: {fileID: 0}
    - target: {fileID: 1217533498715899113, guid: f79702f2907668d4597428c01ed6c803,
        type: 3}
      propertyPath: m_LocalPosition.z
      value: 0
      objectReference: {fileID: 0}
    - target: {fileID: 1217533498715899113, guid: f79702f2907668d4597428c01ed6c803,
        type: 3}
      propertyPath: m_LocalRotation.x
      value: 0.7071068
      objectReference: {fileID: 0}
    - target: {fileID: 1217533498715899113, guid: f79702f2907668d4597428c01ed6c803,
        type: 3}
      propertyPath: m_LocalRotation.y
      value: 0
      objectReference: {fileID: 0}
    - target: {fileID: 1217533498715899113, guid: f79702f2907668d4597428c01ed6c803,
        type: 3}
      propertyPath: m_LocalRotation.z
      value: 0
      objectReference: {fileID: 0}
    - target: {fileID: 1217533498715899113, guid: f79702f2907668d4597428c01ed6c803,
        type: 3}
      propertyPath: m_LocalRotation.w
      value: 0.7071068
      objectReference: {fileID: 0}
    - target: {fileID: 1217533498715899113, guid: f79702f2907668d4597428c01ed6c803,
        type: 3}
      propertyPath: m_RootOrder
      value: 0
      objectReference: {fileID: 0}
    - target: {fileID: 1217533498715899113, guid: f79702f2907668d4597428c01ed6c803,
        type: 3}
      propertyPath: m_LocalEulerAnglesHint.x
      value: 90
      objectReference: {fileID: 0}
    - target: {fileID: 1217533498715899113, guid: f79702f2907668d4597428c01ed6c803,
        type: 3}
      propertyPath: m_LocalEulerAnglesHint.y
      value: 0
      objectReference: {fileID: 0}
    - target: {fileID: 1217533498715899113, guid: f79702f2907668d4597428c01ed6c803,
        type: 3}
      propertyPath: m_LocalEulerAnglesHint.z
      value: 0
      objectReference: {fileID: 0}
    - target: {fileID: 1217533498715899119, guid: f79702f2907668d4597428c01ed6c803,
        type: 3}
      propertyPath: playOnAwake
      value: 1
      objectReference: {fileID: 0}
    - target: {fileID: 1217533498715899119, guid: f79702f2907668d4597428c01ed6c803,
        type: 3}
      propertyPath: InitialModule.maxNumParticles
      value: 10
      objectReference: {fileID: 0}
    m_RemovedComponents: []
  m_SourcePrefab: {fileID: 100100000, guid: f79702f2907668d4597428c01ed6c803, type: 3}
--- !u!4 &2051626586959647448 stripped
Transform:
  m_CorrespondingSourceObject: {fileID: 1217533498715899113, guid: f79702f2907668d4597428c01ed6c803,
    type: 3}
  m_PrefabInstance: {fileID: 908983609692755505}
  m_PrefabAsset: {fileID: 0}
